<record><leader>00000cas a22000007a 4500</leader><controlfield tag="001">8786485</controlfield><controlfield tag="008">820918d18491852meuwr ne      0   a0eng  </controlfield><controlfield tag="009">466</controlfield><datafield ind1=" " ind2=" " tag="010"><subfield code="a">sn 82014470 </subfield></datafield><datafield ind1=" " ind2=" " tag="040"><subfield code="a">DLC</subfield><subfield code="b">eng</subfield><subfield code="c">DLC</subfield><subfield code="d">NPX</subfield><subfield code="d">DLC</subfield><subfield code="d">NYS</subfield></datafield><datafield ind1="1" ind2=" " tag="029"><subfield code="a">AU@</subfield><subfield code="b">000020406384</subfield></datafield><datafield ind1=" " ind2=" " tag="042"><subfield code="a">msc</subfield></datafield><datafield ind1="0" ind2=" " tag="130"><subfield code="a">Eastern journal (Biddeford, Me. : 1849)</subfield></datafield><datafield ind1="0" ind2="4" tag="245"><subfield code="a">The eastern journal.</subfield></datafield><datafield ind1=" " ind2=" " tag="260"><subfield code="a">Biddeford, Me. :</subfield><subfield code="b">D.E. Somes,</subfield></datafield><datafield ind1=" " ind2=" " tag="300"><subfield code="a">v. ;</subfield><subfield code="c">68 cm.</subfield></datafield><datafield ind1=" " ind2=" " tag="310"><subfield code="a">Weekly</subfield></datafield><datafield ind1="1" ind2=" " tag="362"><subfield code="a">Began in 1849; ceased in Apr. 1852.</subfield><subfield code="z">Cf. Gregory, W.  Amer. newspapers, 1937.</subfield></datafield><datafield ind1=" " ind2=" " tag="752"><subfield code="a">United States</subfield><subfield code="b">Maine</subfield><subfield code="c">York</subfield><subfield code="d">Biddeford.</subfield></datafield><datafield ind1="0" ind2="7" tag="785"><subfield code="t">Mercantile advertiser (Saco, Me.)</subfield></datafield><datafield ind1="0" ind2="7" tag="785"><subfield code="t">Eastern journal and mercantile advertiser</subfield><subfield code="w">(DLC)sn 83021316</subfield></datafield></record>